@misc{datacamp,
author = {Datacamp},
year = {2023},
title = {Datacamp Loss Functions in Machine Learning Explained},
howpublished = {\url{https://www.datacamp.com/tutorial/loss-function-in-machine-learning}}
}

@book{delligatti2013sysml,
title={SysML distilled: A brief guide to the systems modeling language},
author={Delligatti, Lenny},
year={2013},
publisher={Addison-Wesley}
}

@book{hunt2014artificial,
title={Artificial intelligence},
author={Hunt, Earl B},
year={2014},
publisher={Academic Press}
}

@misc{IBMweb,
author = {IBM},
year = {2023},
title = {IBM Machine Learning Resources},
howpublished = {\url{https://developer.ibm.com/technologies/machine-learning/}}
}

@book{nelson2023essential,
title={Essential Math for AI},
author={Nelson, Hala},
year={2023},
publisher={"O'Reilly Media, Inc."}
}

@misc{w3json,
author = {W3 schools},
year = {2023},
title = {JSON - Introduction},
howpublished = {\url{https://www.w3schools.com/js/js_json_intro.asp}}
}

@misc{wiki_mnist,
author = {Wikipedia},
year = {2023},
title = {MNIST database},
howpublished = {\url{https://en.wikipedia.org/wiki/MNIST_database}}
}

@misc{researchgate,
author = {Researchgate},
year = {2023},
title = {Researchgate},
howpublished = {\url{https://www.researchgate.net}}
}

@misc{catdatabase,
author = {Marcopeix},
year = {2023},
title = {Marcopeix},
howpublished = {\url{https://github.com/marcopeix}}
}
